<?xml version="1.0" encoding="UTF-8"?><collection xmlns="http://www.loc.gov/MARC21/slim"><record><leader>00486nam--2200193-i-4500</leader><controlfield tag="001">000042606</controlfield><controlfield tag="002">20161230</controlfield><controlfield tag="005">20161230201043</controlfield><controlfield tag="008">060222s1000------------r-----000-0-rum-d</controlfield><datafield ind1=" " ind2=" " tag="040"><subfield code="a">IFIN-HH</subfield></datafield><datafield ind1=" " ind2=" " tag="041"><subfield code="a">rum</subfield></datafield><datafield ind1=" " ind2=" " tag="080"><subfield code="a">53(075)</subfield></datafield><datafield ind1="1" ind2=" " tag="100"><subfield code="a">Sterian, Paul E</subfield></datafield><datafield ind1="1" ind2="0" tag="245"><subfield code="a">Fizica</subfield><subfield code="c">Paul e. sterian, mircea a. stan</subfield></datafield><datafield ind1=" " ind2=" " tag="260"><subfield code="a">Bucuresti</subfield><subfield code="b">Editura Didatica Si Pedagogica</subfield><subfield code="c">1985</subfield></datafield><datafield ind1=" " ind2=" " tag="300"><subfield code="a">848 P</subfield></datafield><datafield ind1="1" ind2=" " tag="700"><subfield code="a">Stan, Mircea A</subfield></datafield><datafield ind1=" " ind2=" " tag="852"><subfield code="a">73089</subfield><subfield code="c">53</subfield></datafield><datafield ind1=" " ind2=" " tag="CAT"><subfield code="a">Sys</subfield><subfield code="c">20150807</subfield><subfield code="h">113509</subfield></datafield></record></collection>